@inproceedings{bassbouss,
  author={Bassbouss, Louay and Tritschler, Marc and Steglich, Stephan and Tanaka, Kiyoshi and Miyazaki, Yuji},
  booktitle={Computer Software and Applications Conference Workshops (COMPSACW), 2013 IEEE 37th Annual},
  title={{Towards a Multi-screen Application Model for the Web}},
  year={2013},
  month=jul,
  pages={528-533},
  organization={IEEE},
  doi={10.1109/COMPSACW.2013.96},
}
